
@inproceedings{kelley_ruehl_preliminary_2014,
	address = {San Francisco, {CA}},
	title = {Preliminary Verfification and Validation of {WEC-Sim}, and Open-Source Wave Energy Converter Design Tool},
	shorttitle = {{OMAE2014-24312}},
	booktitle = {Proceedings of {OMAE} 2014},
	author = {{Kelley Ruehl} and {Carlos Michelen} and {Samuel Kanner} and {Michael Lawson} and {Y. Yu}},
	year = {2014},
	file = {2014 - OMAE 2014-24312_WEC-Sim_Ruehl.pdf:files/960/2014 - OMAE 2014-24312_WEC-Sim_Ruehl.pdf:application/pdf}
}

@inproceedings{mj_lawson_implementing_2014,
	address = {San Francisco, {CA}},
	title = {Implementing Nonlinear Bouyancy and Excitation Forces in the {WEC-Sim} Wave Energy Converter Modeling Tool},
	shorttitle = {{OMAE2014-24445}},
	booktitle = {Proceedings of {OMAE} 2014},
	author = {{{MJ} Lawson} and {Y. Yu} and {Adam Nelessen} and {Kelley Ruehl} and {Carlos Michelen}},
	year = {2014},
	file = {2014 - OMAE 2014-24445_WEC-Sim_Lawson.pdf:files/991/2014 - OMAE 2014-24445_WEC-Sim_Lawson.pdf:application/pdf}
}

@inproceedings{y._yu_development_2014,
	address = {Seattle, {WA}, {USA}},
	title = {Development and Demonstation of the {WEC-SIm} Wave Energy Convereter Simulation Tool},
	booktitle = {Proceedings of the 2nd Marine Energy Technology Symposium},
	author = {{Y. Yu} and {Michael Lawson} and {Kelley Ruehl} and {Carlos Michelen}},
	year = {2014},
	file = {2014 - METS 2014 - WEC-Sim_Yu.pdf:files/992/2014 - METS 2014 - WEC-Sim_Yu.pdf:application/pdf}
}

@inproceedings{y._yu_design_2014,
	address = {San Francisco, {CA}},
	title = {Design and Analysis for a Floating Oscillating Surge Wave Energy Converter},
	shorttitle = {{OMAE2014-24511}},
	booktitle = {Proceedings of {OMAE} 2014},
	author = {{Y. Yu} and {Ye Li} and {Kathleen Hallett} and {Chad Hotimsky}},
	year = {2014},
	file = {2014 - OMAE2014-24511_WEC-Sim_Yu.pdf:files/993/2014 - OMAE2014-24511_WEC-Sim_Yu.pdf:application/pdf}
}


@article{Babarit2012b,
author = {Babarit, Aur\'{e}lien and Hals, J. and Muliawan, M.J. and Kurniawan, A. and Moan, T. and Krokstad, J.},
doi = {10.1016/j.renene.2011.10.002},
file = {:Users/yyu/Documents/Mendeley Desktop//Babarit et al. - 2012.pdf:pdf},
issn = {09601481},
journal = {Renewable Energy},
keywords = {wave energy converter},
pages = {44--63},
publisher = {Elsevier Ltd},
title = {{Numerical Benchmarking Study of a Selection of Wave Energy Converters}},
volume = {41},
year = {2012}
}

@article{PM,
author = {Pierson, W. J. and Moskowitz, L. A.},
journal = {Geophysical Research},
keywords = {Pierson Moskowitz Spectrum},
pages = {5181-5190},
title = {{Proposed Spectral Form for Fully Developed Wind Seas Based on the Similarity Theory of S. A. Kitaigorodskii}},
volume = {69},
year = {1964}
}

@techreport{Cummins1962,
author = {Cummins, WE},
booktitle = {David Taylor Model Dasin-DTNSRDC},
file = {:Users/yyu/Documents/Mendeley Desktop//Cummins - 1962.pdf:pdf},
institution = {David Taylor Model Dasin-DTNSRDC},
publisher = {David Taylor Model Dasin-DTNSRDC},
title = {{The Impulse Response Function and Ship Motions}},
year = {1962}
}
@techreport{HK,
author = {{K. Hasselman} and {T.P. Barnett} and {E. Bouws} and {H. Carlson} and {D.E. Cartwright} and {K. Enke} and {J.A. Ewing} and {H. Gienapp} and {D.E. Hasselmann} and {P. Kruseman} and {A. Meerburg} and {P. Mller} and {D.J. Olbers} and {K. Richter} and {W. Sell} and {H. Walden}},
booktitle = {German Hydrographic Institute},
institution = {German Hydrographic Institute},
publisher = {German Hydrographic Institute},
number = {12},
title = {{Measurements of wind-wave growth and swell decay during the Joint North Sea Wave Project (JONSWAP)}},
series = {A 8},
year = {1973}
}
@misc{Lee2006,
address = {Chestnut Hill, MA, USA},
author = {Lee, CH and Newman, JN},
booktitle = {WAMIT, Inc.},
file = {:Users/yyu/Documents/Mendeley Desktop/Lee, Newman - 2006.pdf:pdf},
publisher = {WAMIT, Inc.},
title = {{WAMIT User Manual}},
year = {2006}
}
@article{li2012synthesis,
author = {Li, Ye and Yu, Yi-Hsiang},
file = {:Users/yyu/Documents/Mendeley Desktop//Li, Yu - 2012.pdf:pdf},
journal = {Renewable and Sustainable Energy Reviews},
number = {6},
pages = {4352--4364},
publisher = {Elsevier},
title = {{A Synthesis of Numerical Methods for Modeling Wave Energy Converter-Point Absorbers}},
volume = {16},
year = {2012}
}
@misc{Nemoh2014,
publisher = {L'École Centrale De Nantes},
title = {{Nemoh a Open source BEM}},
url = {http://openore.org/tag/nemoh/},
urldate = {May 21, 2014}
}

@misc{simMechanics2014,
author= {MATLAB},
title = {{SimMechanics ™ Link User’ s Guide R2014a}},
year = {2014}
}

@misc{_aqwa_,
	publisher = {ANSYS},
	title = {{ANSYS Aqwa}},
	url = {http://www.ansys.com/Products/Other+Products/ANSYS+AQWA},
	urldate = {May 21, 2014}
}

@article{horn_behavioral_2008,
	title = {Behavioral responses of bats to operating wind turbines},
	volume = {72},
	url = {http://onlinelibrary.wiley.com/doi/10.2193/2006-465/abstract},
	number = {1},
	urldate = {2013-08-08},
	journal = {The Journal of Wildlife Management},
	author = {Horn, Jason W. and Arnett, Edward B. and Kunz, Thomas H.},
	year = {2008},
	pages = {123–132},
	file = {[PDF] from coalicionventanasverraco.org:C\:\\Users\\mlawson\\AppData\\Roaming\\Mozilla\\Firefox\\Profiles\\cpu62r1t.default\\zotero\\storage\\Z84T466R\\Horn et al. - 2008 - Behavioral responses of bats to operating wind tur.pdf:application/pdf;Snapshot:C\:\\Users\\mlawson\\AppData\\Roaming\\Mozilla\\Firefox\\Profiles\\cpu62r1t.default\\zotero\\storage\\IGQE2T3F\\abstract.html:text/html}
}

@inproceedings{yu_design_2014,
	title = {{DESIGN} {AND} {ANALYSIS} {FOR} A {FLOATING} {OSCILLATING} {SURGE} {WAVE} {ENERGY} {CONVERTER}},
	booktitle = {Proceedings of the {ASME} 2014 33rd International Conference on Ocean, Offshore and Arctic Engineering},
	author = {Yu, Yi-Hsiang},
	year = {2014}
}

@inproceedings{cornett_global_2008,
	title = {A global wave energy resource assessment},
	url = {https://www.isope.org/publications/proceedings/ISOPE/ISOPE%202008/papers/I08TPC-579Corn.pdf},
	urldate = {2014-01-30},
	booktitle = {Proc. {ISOPE}},
	author = {Cornett, Andrew M.},
	year = {2008},
	file = {Snapshot:C\:\\Users\\mlawson\\AppData\\Roaming\\Mozilla\\Firefox\\Profiles\\cpu62r1t.default\\zotero\\storage\\GDEI3SZR\\I08TPC-579Corn.pdf:application/pdf}
}

@article{johnson_mortality_2003,
	title = {Mortality of bats at a large-scale wind power development at Buffalo Ridge, Minnesota},
	volume = {150},
	url = {http://www.bioone.org/doi/pdf/10.1674/0003-0031(2003)150%5B0332:MOBAAL%5D2.0.CO%3B2},
	number = {2},
	urldate = {2013-08-08},
	journal = {The American Midland Naturalist},
	author = {Johnson, Gregory D. and Erickson, Wallace P. and {DALE} {STRICKLAND}, M. and Shepherd, Maria F. and Shepherd, Douglas A. and Sarappo, Sharon A.},
	year = {2003},
	pages = {332–342},
	file = {[PDF] from batsandwind.org:C\:\\Users\\mlawson\\AppData\\Roaming\\Mozilla\\Firefox\\Profiles\\cpu62r1t.default\\zotero\\storage\\Q8HT38RU\\Johnson et al. - 2003 - Mortality of bats at a large-scale wind power deve.pdf:application/pdf;Snapshot:C\:\\Users\\mlawson\\AppData\\Roaming\\Mozilla\\Firefox\\Profiles\\cpu62r1t.default\\zotero\\storage\\V8PFAC3E\\0003-0031(2003)150[0332MOBAAL]2.0.html:text/html}
}

@article{durr_bat_????,
	title = {{BAT} {DEATHS} {AND} {WIND} {TURBINES} - A {REVIEW} {OF} {CURRENT} {KNOWLEDGE}, {AND} {OF} {THE} {INFORMATION} {AVAILABLE} {IN} {THE} {DATABASE} {FOR} {GERMANY}},
	author = {Durr, Tobias and Bach, Lothar}
}

@article{henderson_design_2006,
	title = {Design, simulation, and testing of a novel hydraulic power take-off system for the Pelamis wave energy converter},
	volume = {31},
	url = {http://www.sciencedirect.com/science/article/pii/S0960148105002259},
	number = {2},
	urldate = {2013-09-16},
	journal = {Renewable energy},
	author = {Henderson, Ross},
	year = {2006},
	pages = {271–283},
	file = {Snapshot:C\:\\Users\\mlawson\\AppData\\Roaming\\Mozilla\\Firefox\\Profiles\\cpu62r1t.default\\zotero\\storage\\XG4M6EHC\\S0960148105002259.html:text/html}
}

@article{rollins_forensic_2012,
	title = {A forensic investigation into the etiology of bat mortality at a wind farm: barotrauma or traumatic injury?},
	volume = {49},
	shorttitle = {A forensic investigation into the etiology of bat mortality at a wind farm},
	url = {http://vet.sagepub.com/content/49/2/362.short},
	number = {2},
	urldate = {2013-08-09},
	journal = {Veterinary Pathology Online},
	author = {Rollins, Katherine E. and Meyerholz, David K. and Johnson, Gregory D. and Capparella, Angelo P. and Loew, Sabine S.},
	year = {2012},
	pages = {362–371},
	file = {[HTML] from sagepub.com:C\:\\Users\\mlawson\\AppData\\Roaming\\Mozilla\\Firefox\\Profiles\\cpu62r1t.default\\zotero\\storage\\ZBH3KZ73\\362.html:text/html;Rollins et al. - 2012.pdf:C\:\\Users\\mlawson\\AppData\\Roaming\\Mozilla\\Firefox\\Profiles\\cpu62r1t.default\\zotero\\storage\\KMGJFUMJ\\Rollins et al. - 2012.pdf:application/pdf;Snapshot:C\:\\Users\\mlawson\\AppData\\Roaming\\Mozilla\\Firefox\\Profiles\\cpu62r1t.default\\zotero\\storage\\QMRWS9R6\\362.html:text/html}
}

@article{baerwald_barotrauma_2008,
	title = {Barotrauma is a significant cause of bat fatalities at wind turbines},
	volume = {18},
	url = {http://www.sciencedirect.com/science/article/pii/S0960982208007513},
	number = {16},
	urldate = {2013-08-08},
	journal = {Current Biology},
	author = {Baerwald, Erin F. and {D'Amours}, Genevieve H. and Klug, Brandon J. and Barclay, Robert {MR}},
	year = {2008},
	pages = {R695–R696},
	file = {[HTML] from sciencedirect.com:C\:\\Users\\mlawson\\AppData\\Roaming\\Mozilla\\Firefox\\Profiles\\cpu62r1t.default\\zotero\\storage\\8DVNSPMR\\S0960982208007513.html:text/html}
}

@techreport{u.s._geological_survey_bats_2012,
	title = {Bats and Wind Energy — A Literature Synthesis and Annotated Bibliography},
	author = {{{U.S.} Geological Survey}},
	year = {2012},
	file = {US Fish and Wildlife Service - 2012 - Bats and Wind Energy — A Literature Synthesis and .pdf:C\:\\Users\\mlawson\\AppData\\Roaming\\Mozilla\\Firefox\\Profiles\\cpu62r1t.default\\zotero\\storage\\A3ZD9H9I\\US Fish and Wildlife Service - 2012 - Bats and Wind Energy — A Literature Synthesis and .pdf:application/pdf}
}

@inproceedings{a.s._zurkinden_numerical_????,
	title = {Numerical time integration methods for a point absorber wave energy converter},
	author = {{{A.S.} Zurkinden} and {{M.M.} Kramer}}
}

@inproceedings{mccomb_combining_2013,
	address = {Washington, {DC}},
	title = {{COMBINING} {MULTI-BODY} {DYNAMICS} {AND} {POTENTIAL} {FLOW} {SIMULATION} {METHODS} {TO} {MODEL} A {WAVE} {ENERGY} {CONVERTER}},
	author = {{McComb}, Chris and Lawson, Michael},
	year = {2013}
}

@article{grodsky_investigating_2011,
	title = {Investigating the causes of death for wind turbine-associated bat fatalities},
	volume = {92},
	url = {http://www.asmjournals.org/doi/abs/10.1644/10-MAMM-A-404.1},
	number = {5},
	urldate = {2013-08-09},
	journal = {Journal of Mammalogy},
	author = {Grodsky, Steven M. and Behr, Melissa J. and Gendler, Andrew and Drake, David and Dieterle, Byron D. and Rudd, Robert J. and Walrath, Nicole L.},
	year = {2011},
	pages = {917–925},
	file = {Snapshot:C\:\\Users\\mlawson\\AppData\\Roaming\\Mozilla\\Firefox\\Profiles\\cpu62r1t.default\\zotero\\storage\\HM8A87G7\\10-MAMM-A-404.html:text/html}
}

@inproceedings{zurkinden_numerical_????,
	title = {Numerical Time Integration Methods for a Point Absorber Wave Energy Converter},
	url = {http://forskningsbasen.deff.dk/Share.external?sp=S9a9edd6a-ba07-4909-b04c-fa16568d203c&sp=Saau},
	urldate = {2013-11-20},
	booktitle = {The International Workshop on Water Waves and Floating Bodies},
	author = {Zurkinden, Andrew Stephen and Kramer, Morten},
	file = {Snapshot:C\:\\Users\\mlawson\\AppData\\Roaming\\Mozilla\\Firefox\\Profiles\\cpu62r1t.default\\zotero\\storage\\A3FN2HBB\\Share.html:text/html;Zurkinden and Kramer - Numerical Time Integration Methods for a Point Abs.pdf:C\:\\Users\\mlawson\\AppData\\Roaming\\Mozilla\\Firefox\\Profiles\\cpu62r1t.default\\zotero\\storage\\QXID6GA9\\Zurkinden and Kramer - Numerical Time Integration Methods for a Point Abs.pdf:application/pdf}
}

@misc{_review_????,
	title = {Review of wave energy technologies and the necessary power equipment.pdf},
	file = {Review of wave energy technologies and the necessa.pdf:C\:\\Users\\mlawson\\AppData\\Roaming\\Mozilla\\Firefox\\Profiles\\cpu62r1t.default\\zotero\\storage\\M4FMSKNT\\Review of wave energy technologies and the necessa.pdf:application/pdf}
}

@article{latner_low-pressure_1942,
	title = {The low-pressure phase of a blast},
	url = {http://scholar.google.com/scholar?hl=en&btnG=Search&q=intitle:The+low-pressure+phase+of+a+blast#0},
	journal = {The Lancet},
	author = {Latner, {AL}},
	year = {1942},
	file = {Latner - 1942:C\:\\Users\\mlawson\\AppData\\Roaming\\Mozilla\\Firefox\\Profiles\\cpu62r1t.default\\zotero\\storage\\W5RXUICT\\Latner - 1942.pdf:application/pdf}
}

@article{li_synthesis_2012,
	title = {A synthesis of numerical methods for modeling wave energy converter-point absorbers},
	volume = {16},
	url = {http://www.sciencedirect.com/science/article/pii/S1364032111005351},
	number = {6},
	urldate = {2014-01-30},
	journal = {Renewable and Sustainable Energy Reviews},
	author = {Li, Ye and Yu, Yi-Hsiang},
	year = {2012},
	pages = {4352–4364},
	file = {[PDF] from nrel.gov:C\:\\Users\\mlawson\\AppData\\Roaming\\Mozilla\\Firefox\\Profiles\\cpu62r1t.default\\zotero\\storage\\7V8QN2BB\\Li and Yu - 2012 - A synthesis of numerical methods for modeling wave.pdf:application/pdf;Snapshot:C\:\\Users\\mlawson\\AppData\\Roaming\\Mozilla\\Firefox\\Profiles\\cpu62r1t.default\\zotero\\storage\\Z2SA4S52\\S1364032111005351.html:text/html}
}

@article{churchfield_large-eddy_2013,
	title = {A large-eddy simulation study of wake propagation and power production in an array of tidal-current turbines},
	volume = {371},
	url = {http://rsta.royalsocietypublishing.org/content/371/1985/20120421.short},
	number = {1985},
	urldate = {2013-08-16},
	journal = {Philosophical Transactions of the Royal Society A: Mathematical, Physical and Engineering Sciences},
	author = {Churchfield, Matthew J. and Li, Ye and Moriarty, Patrick J.},
	year = {2013},
	file = {[PDF] from nrel.gov:C\:\\Users\\mlawson\\AppData\\Roaming\\Mozilla\\Firefox\\Profiles\\cpu62r1t.default\\zotero\\storage\\8ZRZ9VIH\\Churchfield et al. - 2013 - A large-eddy simulation study of wake propagation .pdf:application/pdf;Snapshot:C\:\\Users\\mlawson\\AppData\\Roaming\\Mozilla\\Firefox\\Profiles\\cpu62r1t.default\\zotero\\storage\\SUA8QRBA\\20120421.html:text/html}
}

@misc{u.s._energy_information_administration_annual_2010,
	title = {Annual Energy Outlook 2010 With Projections to 2035},
	author = {{{U.S.} Energy Information Administration}},
	year = {2010}
}

@techreport{_wamit_????,
	title = {{WAMIT} website}
}

@techreport{knox_hydraulic_2011,
	title = {{HYDRAULIC} {MODEL} {STUDIES} {OF} {THE} {PB500} {WAVE} {ENERGY} {CONVERTER}},
	number = {{CHC-CTR-125}},
	author = {Knox, P. and Cornett, A.},
	year = {2011},
	file = {Knox and Cornett - 2011 - HYDRAULIC MODEL STUDIES OF THE PB500 WAVE ENERGY C.pdf:C\:\\Users\\mlawson\\AppData\\Roaming\\Mozilla\\Firefox\\Profiles\\cpu62r1t.default\\zotero\\storage\\APTZU8KQ\\Knox and Cornett - 2011 - HYDRAULIC MODEL STUDIES OF THE PB500 WAVE ENERGY C.pdf:application/pdf}
}

@article{jen_bats_1978,
	title = {Bats avoid moving objects more successfully than stationary ones},
	url = {http://www.nature.com/nature/journal/v275/n5682/abs/275743a0.html},
	urldate = {2013-08-08},
	author = {Jen, Philip H.-S. and {McCarty}, J. Kenneth},
	year = {1978},
	file = {Snapshot:C\:\\Users\\mlawson\\AppData\\Roaming\\Mozilla\\Firefox\\Profiles\\cpu62r1t.default\\zotero\\storage\\9VRMXKWJ\\275743a0.html:text/html}
}

@article{long_wind_2010,
	title = {Wind turbines and bat mortality: Doppler shift profiles and ultrasonic bat-like pulse reflection from moving turbine blades},
	volume = {128},
	shorttitle = {Wind turbines and bat mortality},
	url = {http://link.aip.org/link/?JASMAN/128/2238/1},
	urldate = {2013-09-11},
	journal = {The Journal of the Acoustical Society of America},
	author = {Long, Chloe V. and Flint, James A. and Lepper, Paul A.},
	year = {2010},
	pages = {2238},
	file = {Snapshot:C\:\\Users\\mlawson\\AppData\\Roaming\\Mozilla\\Firefox\\Profiles\\cpu62r1t.default\\zotero\\storage\\N4M8GGI4\\p2238_s1.html:text/html}
}

@misc{_wavedyn_????,
	title = {{WaveDyn} webpage}
}

@techreport{lawson_design_2013,
	title = {Design and Performance Analysis of a Ocean Current Turbine},
	number = {{NREL/TP} \#\#\#\#\#\#},
	author = {Lawson, Michael},
	year = {2013}
}

@article{cryan_causes_2009,
	title = {Causes of bat fatalities at wind turbines: hypotheses and predictions},
	volume = {90},
	shorttitle = {Causes of bat fatalities at wind turbines},
	url = {http://www.asmjournals.org/perlserv/?request=get-abstract&doi=10.1644%2F09-MAMM-S-076R1.1},
	number = {6},
	urldate = {2013-08-08},
	journal = {Journal of Mammalogy},
	author = {Cryan, Paul M. and Barclay, Robert {MR}},
	year = {2009},
	pages = {1330–1340},
	file = {[PDF] from egotec.net:C\:\\Users\\mlawson\\AppData\\Roaming\\Mozilla\\Firefox\\Profiles\\cpu62r1t.default\\zotero\\storage\\54ITPAFX\\Cryan and Barclay - 2009 - Causes of bat fatalities at wind turbines hypothe.pdf:application/pdf;Snapshot:C\:\\Users\\mlawson\\AppData\\Roaming\\Mozilla\\Firefox\\Profiles\\cpu62r1t.default\\zotero\\storage\\37Z92CQB\\09-MAMM-S-076R1.html:text/html}
}

@article{manwell_wind_2002,
	title = {Wind energy explained: theory, design and application. 2002},
	shorttitle = {Wind energy explained},
	journal = {John {Wiley\&Sons} Ltd, {UK}},
	author = {Manwell, J. F. and {McGowan}, J. G. and Rogers, A. L.},
	year = {2002},
	pages = {577}
}

@techreport{houck_computational_????,
	title = {Computational fluid dynamics simulations of bats flying near operating wind turbines: Quantification of pressure-time histories of likely flight paths},
	author = {Houck, Daniel}
}

@inproceedings{ruehl_preliminary_2014,
	title = {{PRELIMINARY} {VERIFICATION} {AND} {VALIDATION} {OF} {WEC-SIM}, {AN} {OPEN} {SOURCE} {WAVE} {ENERGY} {CONVERTER} {DESIGN} {TOOL}},
	author = {Ruehl, Kelley},
	year = {2014}
}

@article{kunz_ecological_2007,
	title = {Ecological impacts of wind energy development on bats: questions, research needs, and hypotheses},
	volume = {5},
	shorttitle = {Ecological impacts of wind energy development on bats},
	url = {http://www.esajournals.org/doi/abs/10.1890/1540-9295(2007)5%5B315:EIOWED%5D2.0.CO;2},
	number = {6},
	urldate = {2013-08-08},
	journal = {Frontiers in Ecology and the Environment},
	author = {Kunz, Thomas H. and Arnett, Edward B. and Erickson, Wallace P. and Hoar, Alexander R. and Johnson, Gregory D. and Larkin, Ronald P. and Strickland, M. Dale and Thresher, Robert W. and Tuttle, Merlin D.},
	year = {2007},
	pages = {315–324},
	file = {[PDF] from bu.edu:C\:\\Users\\mlawson\\AppData\\Roaming\\Mozilla\\Firefox\\Profiles\\cpu62r1t.default\\zotero\\storage\\5PCKAPBF\\Kunz et al. - 2007 - Ecological impacts of wind energy development on b.pdf:application/pdf;Snapshot:C\:\\Users\\mlawson\\AppData\\Roaming\\Mozilla\\Firefox\\Profiles\\cpu62r1t.default\\zotero\\storage\\VKE8II64\\1540-9295(2007)5[315EIOWED]2.0.html:text/html}
}

@article{junkui_studies_1996,
	title = {Studies on lung injuries caused by blast underpressure},
	volume = {40},
	url = {http://journals.lww.com/jtrauma/Abstract/1996/03001/Studies_on_Lung_Injuries_Caused_by_Blast.18.aspx},
	number = {{3S}},
	urldate = {2013-08-23},
	journal = {The Journal of Trauma and Acute Care Surgery},
	author = {Junkui, Zhang and Zhengguo, Wang and Huaguang, Leng and Zhihuan, Yang},
	year = {1996},
	pages = {77S–80S},
	file = {Snapshot:C\:\\Users\\mlawson\\AppData\\Roaming\\Mozilla\\Firefox\\Profiles\\cpu62r1t.default\\zotero\\storage\\UXHZIV4G\\Studies_on_Lung_Injuries_Caused_by_Blast.18.html:text/html}
}

@misc{matlab2014,
publisher = {MathWorks},
title = {{MATLAB}},
url = {http://http://www.mathworks.com/},
}

@article{Nolte2014,
author = {Nolte, Jerica D. and Ertekin, R. C.},
journal = {Journal of Renewable and Sustainable Energy},
number = {1},
title = {{Wave power calculations for a wave energy conversion device connected to a drogue}},
volume = {6},
year = {2014}
}

@article{eriksson_hydrodynamic_2005,
	title = {Hydrodynamic modelling of a direct drive wave energy converter},
	volume = {43},
	url = {http://www.sciencedirect.com/science/article/pii/S0020722505001394},
	number = {17},
	urldate = {2013-09-16},
	journal = {International Journal of Engineering Science},
	author = {Eriksson, Mikael and Isberg, Jan and Leijon, Mats},
	year = {2005},
	pages = {1377–1387},
	file = {[PDF] from rpi.edu:C\:\\Users\\mlawson\\AppData\\Roaming\\Mozilla\\Firefox\\Profiles\\cpu62r1t.default\\zotero\\storage\\SXN7ITQD\\Eriksson et al. - 2005 - Hydrodynamic modelling of a direct drive wave ener.pdf:application/pdf;Snapshot:C\:\\Users\\mlawson\\AppData\\Roaming\\Mozilla\\Firefox\\Profiles\\cpu62r1t.default\\zotero\\storage\\DQWQQFK9\\S0020722505001394.html:text/html}
}

@techreport{_eere_????,
	title = {{EERE} Progress Alert (2012) {DOE} Reports Show Major Potential for Wave and Tidal Energy Production Near {U.S.} Coasts. [Online]. Available: {http://apps1.eere.energy.gov/news/progress\_alerts.cfm/pa\_id\%3D664}}
}

@techreport{cummins_we_impulse_1962,
	title = {The Impulse Response Function and Ship Motions},
	institution = {David Taylor Model Dasin-{DTNSRDC}},
	author = {{Cummins, {WE}}},
	year = {1962},
	file = {Cummins - 1962.pdf:C\:\\Users\\mlawson\\AppData\\Roaming\\Mozilla\\Firefox\\Profiles\\cpu62r1t.default\\zotero\\storage\\ZGJSHCE9\\Cummins - 1962.pdf:application/pdf}
}

@article{yu_rans_2012,
	title = {{RANS} Simulation of the Heave Performance of a Two-Body Floating-Point Absorber Wave Energy System},
	url = {http://www.sciencedirect.com/science/article/pii/S0045793012003878},
	urldate = {2014-01-30},
	journal = {Computers \& Fluids},
	author = {Yu, Yi-Hsiang and Li, Ye},
	year = {2012},
	file = {Snapshot:C\:\\Users\\mlawson\\AppData\\Roaming\\Mozilla\\Firefox\\Profiles\\cpu62r1t.default\\zotero\\storage\\A4V2SKTX\\S0045793012003878.html:text/html}
}

@article{duarte_state-space_2013,
	title = {State-Space Realization of the Wave-Radiation Force within {FAST}},
	url = {http://www.nrel.gov/docs/fy13osti/58099.pdf},
	urldate = {2013-11-21},
	author = {Duarte, Tiago and Sarmento, Antonio and Alves, Marco and Jonkman, Jason},
	year = {2013},
	file = {[PDF] from nrel.gov:C\:\\Users\\mlawson\\AppData\\Roaming\\Mozilla\\Firefox\\Profiles\\cpu62r1t.default\\zotero\\storage\\K27ZV54Q\\Duarte et al. - 2013 - State-Space Realization of the Wave-Radiation Forc.pdf:application/pdf}
}

@inproceedings{cretel_maximisation_2011,
	title = {Maximisation of energy capture by a wave-energy point absorber using model predictive control},
	url = {http://www.nt.ntnu.no/users/skoge/prost/proceedings/ifac11-proceedings/data/html/papers/3255.pdf},
	urldate = {2013-11-21},
	booktitle = {Proc. 18th {IFAC} World Congress, Milano},
	author = {Cretel, Julien {AM} and Lightbody, Gordon and Thomas, Gareth P. and Lewis, Anthony W.},
	year = {2011},
	file = {[PDF] from ntnu.no:C\:\\Users\\mlawson\\AppData\\Roaming\\Mozilla\\Firefox\\Profiles\\cpu62r1t.default\\zotero\\storage\\2MZ956SM\\Cretel et al. - 2011 - Maximisation of energy capture by a wave-energy po.pdf:application/pdf}
}

@article{kofoed_prototype_2006,
	title = {Prototype testing of the wave energy converter wave dragon},
	volume = {31},
	url = {http://www.sciencedirect.com/science/article/pii/S0960148105002582},
	number = {2},
	urldate = {2013-09-16},
	journal = {Renewable energy},
	author = {Kofoed, Jens Peter and Frigaard, Peter and Friis-Madsen, Erik and Sørensen, Hans Chr},
	year = {2006},
	pages = {181–189},
	file = {[PDF] from aau.dk:C\:\\Users\\mlawson\\AppData\\Roaming\\Mozilla\\Firefox\\Profiles\\cpu62r1t.default\\zotero\\storage\\Q67Q6D63\\Kofoed et al. - 2006 - Prototype testing of the wave energy converter wav.pdf:application/pdf;Snapshot:C\:\\Users\\mlawson\\AppData\\Roaming\\Mozilla\\Firefox\\Profiles\\cpu62r1t.default\\zotero\\storage\\C3VG9W6H\\S0960148105002582.html:text/html}
}

@article{drew_review_2009,
	title = {A review of wave energy converter technology},
	volume = {223},
	url = {http://pia.sagepub.com/content/223/8/887.short},
	number = {8},
	urldate = {2013-09-16},
	journal = {Proceedings of the Institution of Mechanical Engineers, Part A: Journal of Power and Energy},
	author = {Drew, Benjamin and Plummer, A. R. and Sahinkaya, M. Necip},
	year = {2009},
	pages = {887–902},
	file = {[PDF] from washington.edu:C\:\\Users\\mlawson\\AppData\\Roaming\\Mozilla\\Firefox\\Profiles\\cpu62r1t.default\\zotero\\storage\\VSP9EPD2\\Drew et al. - 2009 - A review of wave energy converter technology.pdf:application/pdf;Snapshot:C\:\\Users\\mlawson\\AppData\\Roaming\\Mozilla\\Firefox\\Profiles\\cpu62r1t.default\\zotero\\storage\\JQ9TS8WW\\887.html:text/html}
}
